@TECHREPORT{hilbert14,
   author = {{Hilbert}, B.},
    title = "{Updated non-linearity calibration method for WFC3/IR}",
 keywords = {Hubble Space Telescope, Space Telescope Science Institute, STScI, HST  },
booktitle = {Space Telescope WFC Instrument Science Report},
     year = 2014,
    month = jul,
   adsurl = {http://adsabs.harvard.edu/abs/2014wfc..rept...17H},
  adsnote = {Provided by the SAO/NASA Astrophysics Data System}
}


@TECHREPORT{hilbert08,
   author = {{Hilbert}, B.},
    title = "{WFC3 TV3 Testing: IR Channel Nonlinearity Correction}",
 keywords = {Hubble Space Telescope, HST, Space Telescope Science Institute, Wide Field Camera 3, WFC3},
booktitle = {Space Telescope WFC Instrument Science Report},
     year = 2008,
   adsurl = {http://adsabs.harvard.edu/abs/2008wfc..rept...39H},
  adsnote = {Provided by the SAO/NASA Astrophysics Data System}
}


@TECHREPORT{hilbert04,
   author = {{Hilbert}, B.},
    title = "{Non-Linearity Correction Algorithm for the WFC3 IR Channel}",
 keywords = {Hubble Space Telescope, HST, Space Telescope Science Institute, Wide Field Camera 3, WFC3, IR channel, correction algorithm},
booktitle = {Space Telescope WFC Instrument Science Report},
     year = 2004,
    month = may,
   adsurl = {http://adsabs.harvard.edu/abs/2004wfc..rept....6H},
  adsnote = {Provided by the SAO/NASA Astrophysics Data System}
}



@ARTICLE{seshadri13,
   author = {{Seshadri}, S. and {Shapiro}, C. and {Goodsall}, T. and {Fucik}, J. and 
	{Hirata}, C. and {Rhodes}, J.~D. and {Rowe}, B.~T.~P. and {Smith}, R.~M.
	},
    title = "{Initial Results from a Laboratory Emulation of Weak Gravitational Lensing Measurements}",
  journal = {\pasp},
archivePrefix = "arXiv",
   eprint = {1308.3875},
 primaryClass = "astro-ph.IM",
     year = 2013,
    month = sep,
   volume = 125,
    pages = {1065-1086},
      doi = {10.1086/673318},
   adsurl = {http://adsabs.harvard.edu/abs/2013PASP..125.1065S},
  adsnote = {Provided by the SAO/NASA Astrophysics Data System}
}


@ARTICLE{girardi12,
   author = {{Girardi}, L. and {Barbieri}, M. and {Groenewegen}, M.~A.~T. and 
	{Marigo}, P. and {Bressan}, A. and {Rocha-Pinto}, H.~J. and 
	{Santiago}, B.~X. and {Camargo}, J.~I.~B. and {da Costa}, L.~N.
	},
    title = "{TRILEGAL, a TRIdimensional modeL of thE GALaxy: Status and Future}",
  journal = {Astrophysics and Space Science Proceedings},
 keywords = {Physics},
     year = 2012,
   volume = 26,
    pages = {165},
      doi = {10.1007/978-3-642-18418-5_17},
   adsurl = {http://adsabs.harvard.edu/abs/2012ASSP...26..165G},
  adsnote = {Provided by the SAO/NASA Astrophysics Data System}
}

@ARTICLE{schneider15,
   author = {{Schneider}, M.~D. and {Hogg}, D.~W. and {Marshall}, P.~J. and 
	{Dawson}, W.~A. and {Meyers}, J. and {Bard}, D.~J. and {Lang}, D.
	},
    title = "{Hierarchical Probabilistic Inference of Cosmic Shear}",
  journal = {\apj},
archivePrefix = "arXiv",
   eprint = {1411.2608},
 keywords = {catalogs, cosmology: observations, gravitational lensing: weak, methods: data analysis, methods: statistical, surveys},
     year = 2015,
    month = jul,
   volume = 807,
      eid = {87},
    pages = {87},
      doi = {10.1088/0004-637X/807/1/87},
   adsurl = {http://adsabs.harvard.edu/abs/2015ApJ...807...87S},
  adsnote = {Provided by the SAO/NASA Astrophysics Data System}
}

@ARTICLE{hirata12,
   author = {{Hirata}, C.~M. and {Gehrels}, N. and {Kneib}, J.-P. and {Kruk}, J. and 
	{Rhodes}, J. and {Wang}, Y. and {Zoubian}, J.},
    title = "{The WFIRST Galaxy Survey Exposure Time Calculator}",
  journal = {ArXiv e-prints},
archivePrefix = "arXiv",
   eprint = {1204.5151},
 primaryClass = "astro-ph.IM",
 keywords = {Astrophysics - Instrumentation and Methods for Astrophysics},
     year = 2012,
    month = apr,
   adsurl = {http://adsabs.harvard.edu/abs/2012arXiv1204.5151H},
  adsnote = {Provided by the SAO/NASA Astrophysics Data System}
}

@book{marks09,
  author    = {{Marks}, R.~J. }, 
  title     = { Handbook of Fourier Analysis and  Its Applications },
  publisher = {Oxford University Press},
  year      = 2009,
  edition   = 1,
}


@TECHREPORT{bohlin05,
   author = {{Bohlin}, R.~C. and {Lindler}, D.~J. and {Riess}, A.},
    title = "{Grism Sensitivities and Apparent Non-Linearity}",
 keywords = {Hubble Space Telescope, HST, Space Telescope Science Institute, NICMOS},
booktitle = {Space Telescope NICMOS Instrument Science Report},
     year = 2005,
    month = may,
   adsurl = {http://adsabs.harvard.edu/abs/2005nicm.rept....2B},
  adsnote = {Provided by the SAO/NASA Astrophysics Data System}
}



@ARTICLE{mandelbaum15,
   author = {{Mandelbaum}, R. and {Rowe}, B. and {Armstrong}, R. and {Bard}, D. and 
	{Bertin}, E. and {Bosch}, J. and {Boutigny}, D. and {Courbin}, F. and 
	{Dawson}, W.~A. and {Donnarumma}, A. and {Fenech Conti}, I. and 
	{Gavazzi}, R. and {Gentile}, M. and {Gill}, M.~S.~S. and {Hogg}, D.~W. and 
	{Huff}, E.~M. and {Jee}, M.~J. and {Kacprzak}, T. and {Kilbinger}, M. and 
	{Kuntzer}, T. and {Lang}, D. and {Luo}, W. and {March}, M.~C. and 
	{Marshall}, P.~J. and {Meyers}, J.~E. and {Miller}, L. and {Miyatake}, H. and 
	{Nakajima}, R. and {Ngol{\'e} Mboula}, F.~M. and {Nurbaeva}, G. and 
	{Okura}, Y. and {Paulin-Henriksson}, S. and {Rhodes}, J. and 
	{Schneider}, M.~D. and {Shan}, H. and {Sheldon}, E.~S. and {Simet}, M. and 
	{Starck}, J.-L. and {Sureau}, F. and {Tewes}, M. and {Zarb Adami}, K. and 
	{Zhang}, J. and {Zuntz}, J.},
    title = "{GREAT3 results - I. Systematic errors in shear estimation and the impact of real galaxy morphology}",
  journal = {\mnras},
archivePrefix = "arXiv",
   eprint = {1412.1825},
 keywords = {gravitational lensing: weak, methods: data analysis, techniques: image processing, cosmology: observations},
     year = 2015,
    month = jul,
   volume = 450,
    pages = {2963-3007},
      doi = {10.1093/mnras/stv781},
   adsurl = {http://adsabs.harvard.edu/abs/2015MNRAS.450.2963M},
  adsnote = {Provided by the SAO/NASA Astrophysics Data System}
}


@ARTICLE{mandelbaum14a,
   author = {{Mandelbaum}, R. and {Rowe}, B. and {Bosch}, J. and {Chang}, C. and 
	{Courbin}, F. and {Gill}, M. and {Jarvis}, M. and {Kannawadi}, A. and 
	{Kacprzak}, T. and {Lackner}, C. and {Leauthaud}, A. and {Miyatake}, H. and 
	{Nakajima}, R. and {Rhodes}, J. and {Simet}, M. and {Zuntz}, J. and 
	{Armstrong}, B. and {Bridle}, S. and {Coupon}, J. and {Dietrich}, J.~P. and 
	{Gentile}, M. and {Heymans}, C. and {Jurling}, A.~S. and {Kent}, S.~M. and 
	{Kirkby}, D. and {Margala}, D. and {Massey}, R. and {Melchior}, P. and 
	{Peterson}, J. and {Roodman}, A. and {Schrabback}, T.},
    title = "{The Third Gravitational Lensing Accuracy Testing (GREAT3) Challenge Handbook}",
  journal = {\apjs},
archivePrefix = "arXiv",
   eprint = {1308.4982},
 keywords = {gravitational lensing: weak, methods: data analysis, methods: statistical, techniques: image processing},
     year = 2014,
    month = may,
   volume = 212,
      eid = {5},
    pages = {5},
      doi = {10.1088/0067-0049/212/1/5},
   adsurl = {http://adsabs.harvard.edu/abs/2014ApJS..212....5M},
  adsnote = {Provided by the SAO/NASA Astrophysics Data System}
}



@INPROCEEDINGS{bertin06,
   author = {{Bertin}, E.},
    title = "{Automatic Astrometric and Photometric Calibration with SCAMP}",
booktitle = {Astronomical Data Analysis Software and Systems XV},
     year = 2006,
   series = {Astronomical Society of the Pacific Conference Series},
   volume = 351,
   editor = {{Gabriel}, C. and {Arviset}, C. and {Ponz}, D. and {Enrique}, S.
	},
    month = jul,
    pages = {112},
   adsurl = {http://adsabs.harvard.edu/abs/2006ASPC..351..112B},
  adsnote = {Provided by the SAO/NASA Astrophysics Data System}
}


@INPROCEEDINGS{blank11,
   author = {{Blank}, R. and {Anglin}, S. and {Beletic}, J.~W. and {Baia}, Y. and 
	{Buck}, S. and {Bhargava}, S. and {Chen}, J. and {Cooper}, D. and 
	{Eads}, M. and {Farris}, M. and {Hall}, D.~N.~B. and {Hodapp}, K.~W. and 
	{Lavelle}, W. and {Loose}, M. and {Luppino}, G. and {Piquette}, E. and 
	{Ricardo}, R. and {Sprafke}, T. and {Starr}, B. and {Xu}, M. and 
	{Zandian}, M.},
    title = "{The HxRG Family of High Performance Image Sensors for Astronomy}",
booktitle = {Solar Polarization 6},
     year = 2011,
   series = {Astronomical Society of the Pacific Conference Series},
   volume = 437,
   editor = {{Kuhn}, J.~R. and {Harrington}, D.~M. and {Lin}, H. and {Berdyugina}, S.~V. and 
	{Trujillo-Bueno}, J. and {Keil}, S.~L. and {Rimmele}, T.},
    month = apr,
    pages = {383},
   adsurl = {http://adsabs.harvard.edu/abs/2011ASPC..437..383B},
  adsnote = {Provided by the SAO/NASA Astrophysics Data System}
}


@proceeding{beletic08,
author = {Beletic, James W. and Blank, Richard and Gulbransen, David and Lee, Donald and Loose, Markus and Piquette, Eric C. and Sprafke, Thomas and Tennant, William E. and Zandian, Majid and Zino, Joseph},
title = {Teledyne Imaging Sensors: infrared imaging technologies for astronomy and civil space},
journal = {Proc. SPIE},
volume = {7021},
number = {},
year = {2008},
pages = {70210H-70210H-14}
}


@ARTICLE{rowe11,
   author = {{Rowe}, B. and {Hirata}, C. and {Rhodes}, J.},
    title = "{Optimal Linear Image Combination}",
  journal = {\apj},
archivePrefix = "arXiv",
   eprint = {1105.2852},
 primaryClass = "astro-ph.IM",
 keywords = {dark energy, gravitational lensing: weak, methods: data analysis, techniques: image processing, techniques: photometric},
     year = 2011,
    month = nov,
   volume = 741,
      eid = {46},
    pages = {46},
      doi = {10.1088/0004-637X/741/1/46},
   adsurl = {http://adsabs.harvard.edu/abs/2011ApJ...741...46R},
  adsnote = {Provided by the SAO/NASA Astrophysics Data System}
}


@ARTICLE{fruchter11,
   author = {{Fruchter}, A.~S.},
    title = "{A New Method for Band-limited Imaging with Undersampled Detectors}",
  journal = {\pasp},
archivePrefix = "arXiv",
   eprint = {1102.0292},
 primaryClass = "astro-ph.IM",
 keywords = {Data Analysis and Techniques},
     year = 2011,
    month = apr,
   volume = 123,
    pages = {497-502},
      doi = {10.1086/659313},
   adsurl = {http://adsabs.harvard.edu/abs/2011PASP..123..497F},
  adsnote = {Provided by the SAO/NASA Astrophysics Data System}
}


@ARTICLE{fruchter02,
   author = {{Fruchter}, A.~S. and {Hook}, R.~N.},
    title = "{Drizzle: A Method for the Linear Reconstruction of Undersampled Images}",
  journal = {\pasp},
   eprint = {astro-ph/9808087},
 keywords = {Methods: Data Analysis, Techniques: Photometric},
     year = 2002,
    month = feb,
   volume = 114,
    pages = {144-152},
      doi = {10.1086/338393},
   adsurl = {http://adsabs.harvard.edu/abs/2002PASP..114..144F},
  adsnote = {Provided by the SAO/NASA Astrophysics Data System}
}

@ARTICLE{rhodes07,
   author = {{Rhodes}, J.~D. and {Massey}, R.~J. and {Albert}, J. and {Collins}, N. and 
	{Ellis}, R.~S. and {Heymans}, C. and {Gardner}, J.~P. and {Kneib}, J.-P. and 
	{Koekemoer}, A. and {Leauthaud}, A. and {Mellier}, Y. and {Refregier}, A. and 
	{Taylor}, J.~E. and {Van Waerbeke}, L.},
    title = "{The Stability of the Point-Spread Function of the Advanced Camera for Surveys on the Hubble Space Telescope and Implications for Weak Gravitational Lensing}",
  journal = {\apjs},
   eprint = {astro-ph/0702140},
 keywords = {Instrumentation: Detectors, Surveys, Techniques: Image Processing},
     year = 2007,
    month = sep,
   volume = 172,
    pages = {203-218},
      doi = {10.1086/516592},
   adsurl = {http://adsabs.harvard.edu/abs/2007ApJS..172..203R},
  adsnote = {Provided by the SAO/NASA Astrophysics Data System}
}




@INPROCEEDINGS{miyazaki12,
   author = {{Miyazaki}, S. and {Komiyama}, Y. and {Nakaya}, H. and {Kamata}, Y. and 
	{Doi}, Y. and {Hamana}, T. and {Karoji}, H. and {Furusawa}, H. and 
	{Kawanomoto}, S. and {Morokuma}, T. and {Ishizuka}, Y. and {Nariai}, K. and 
	{Tanaka}, Y. and {Uraguchi}, F. and {Utsumi}, Y. and {Obuchi}, Y. and 
	{Okura}, Y. and {Oguri}, M. and {Takata}, T. and {Tomono}, D. and 
	{Kurakami}, T. and {Namikawa}, K. and {Usuda}, T. and {Yamanoi}, H. and 
	{Terai}, T. and {Uekiyo}, H. and {Yamada}, Y. and {Koike}, M. and 
	{Aihara}, H. and {Fujimori}, Y. and {Mineo}, S. and {Miyatake}, H. and 
	{Yasuda}, N. and {Nishizawa}, J. and {Saito}, T. and {Tanaka}, M. and 
	{Uchida}, T. and {Katayama}, N. and {Wang}, S.-Y. and {Chen}, H.-Y. and 
	{Lupton}, R. and {Loomis}, C. and {Bickerton}, S. and {Price}, P. and 
	{Gunn}, J. and {Suzuki}, H. and {Miyazaki}, Y. and {Muramatsu}, M. and 
	{Yamamoto}, K. and {Endo}, M. and {Ezaki}, Y. and {Itoh}, N. and 
	{Miwa}, Y. and {Yokota}, H. and {Matsuda}, T. and {Ebinuma}, R. and 
	{Takeshi}, K.},
    title = "{Hyper Suprime-Cam}",
booktitle = {Society of Photo-Optical Instrumentation Engineers (SPIE) Conference Series},
     year = 2012,
   series = {Society of Photo-Optical Instrumentation Engineers (SPIE) Conference Series},
   volume = 8446,
    month = sep,
      eid = {84460Z},
    pages = {0},
      doi = {10.1117/12.926844},
   adsurl = {http://adsabs.harvard.edu/abs/2012SPIE.8446E..0ZM},
  adsnote = {Provided by the SAO/NASA Astrophysics Data System}
}



@ARTICLE{shapiro13,
   author = {{Shapiro}, C. and {Rowe}, B.~T.~P. and {Goodsall}, T. and {Hirata}, C. and 
	{Fucik}, J. and {Rhodes}, J. and {Seshadri}, S. and {Smith}, R.
	},
    title = "{Weak Gravitational Lensing Systematics from Image Combination}",
  journal = {\pasp},
archivePrefix = "arXiv",
   eprint = {1310.3339},
 primaryClass = "astro-ph.IM",
 keywords = {Data Analysis and Techniques},
     year = 2013,
    month = dec,
   volume = 125,
    pages = {1496-1513},
      doi = {10.1086/674415},
   adsurl = {http://adsabs.harvard.edu/abs/2013PASP..125.1496S},
  adsnote = {Provided by the SAO/NASA Astrophysics Data System}
}


@article{mandelbaum14b,
  author={R. Mandelbaum},
  title={Instrumental systematics and weak gravitational lensing},
  journal={Journal of Instrumentation},
  volume={10},
  number={05},
  pages={C05017},
  url={http://stacks.iop.org/1748-0221/10/i=05/a=C05017},
  year={2015}
  }


@article{meyers14,
  author={J E Meyers and P R Burchat},
  title={Impact of chromatic effects on galaxy shape measurements},
  journal={Journal of Instrumentation},
  volume={9},
  number={03},
  pages={C03037},
  url={http://stacks.iop.org/1748-0221/9/i=03/a=C03037},
  year={2014}
}


@article{jarvis14,
  author={M Jarvis},
  title={Challenges for precision shape measurements},
  journal={Journal of Instrumentation},
  volume={9},
  number={03},
  pages={C03017},
  url={http://stacks.iop.org/1748-0221/9/i=03/a=C03017},
  year={2014}
	}

@ARTICLE{gruen15,
   author = {{Gruen}, D. and {Bernstein}, G.~M. and {Jarvis}, M. and {Rowe}, B. and 
	{Vikram}, V. and {Plazas}, A.~A. and {Seitz}, S.},
    title = "{Characterization and correction of charge-induced pixel shifts in DECam}",
  journal = {Journal of Instrumentation},
archivePrefix = "arXiv",
   eprint = {1501.02802},
 primaryClass = "astro-ph.IM",
     year = 2015,
    month = may,
   volume = 10,
      eid = {C05032},
    pages = {C5032},
      doi = {10.1088/1748-0221/10/05/C05032},
   adsurl = {http://adsabs.harvard.edu/abs/2015JInst..10C5032G},
  adsnote = {Provided by the SAO/NASA Astrophysics Data System}
}


@ARTICLE{plazas14,
   author = {{Plazas}, A.~A. and {Bernstein}, G.~M. and {Sheldon}, E.~S.},
    title = "{On-Sky Measurements of the Transverse Electric Fields' Effects in the Dark Energy Camera CCDs}",
  journal = {\pasp},
 keywords = {Astronomical Instrumentation},
     year = 2014,
    month = sep,
   volume = 126,
    pages = {750-760},
      doi = {10.1086/677682},
   adsurl = {http://adsabs.harvard.edu/abs/2014PASP..126..750P},
  adsnote = {Provided by the SAO/NASA Astrophysics Data System}
}




@ARTICLE{stubbs14,
   author = {{Stubbs}, C.~W.},
    title = "{Precision astronomy with imperfect fully depleted CCDs: an introduction and a suggested lexicon}",
  journal = {Journal of Instrumentation},
archivePrefix = "arXiv",
   eprint = {1312.2313},
 primaryClass = "astro-ph.IM",
     year = 2014,
    month = mar,
   volume = 9,
      eid = {C03032},
    pages = {C3032},
      doi = {10.1088/1748-0221/9/03/C03032},
   adsurl = {http://adsabs.harvard.edu/abs/2014JInst...9C3032S},
  adsnote = {Provided by the SAO/NASA Astrophysics Data System}
}

@ARTICLE{lauer99a,
   author = {{Lauer}, T.~R.},
    title = "{The Photometry of Undersampled Point-Spread Functions}",
  journal = {\pasp},
   eprint = {astro-ph/9907100},
 keywords = {TECHNIQUES: IMAGE PROCESSING, TECHNIQUES: PHOTOMETRIC},
     year = 1999,
    month = nov,
   volume = 111,
    pages = {1434-1443},
      doi = {10.1086/316460},
   adsurl = {http://adsabs.harvard.edu/abs/1999PASP..111.1434L},
  adsnote = {Provided by the SAO/NASA Astrophysics Data System}
}

@ARTICLE{lauer99b,
   author = {{Lauer}, T.~R.},
    title = "{Combining Undersampled Dithered Images}",
  journal = {\pasp},
   eprint = {astro-ph/9810394},
 keywords = {TECHNIQUES: IMAGE PROCESSING},
     year = 1999,
    month = feb,
   volume = 111,
    pages = {227-237},
      doi = {10.1086/316319},
   adsurl = {http://adsabs.harvard.edu/abs/1999PASP..111..227L},
  adsnote = {Provided by the SAO/NASA Astrophysics Data System}
}

@ARTICLE{bertin96,
   author = {{Bertin}, E. and {Arnouts}, S.},
    title = "{SExtractor: Software for source extraction.}",
  journal = {\aaps},
 keywords = {METHODS: DATA ANALYSIS, TECHNIQUES: IMAGE PROCESSING, GALAXIES: PHOTOMETRY},
     year = 1996,
    month = jun,
   volume = 117,
    pages = {393-404},
      doi = {10.1051/aas:1996164},
   adsurl = {http://adsabs.harvard.edu/abs/1996A%26AS..117..393B},
  adsnote = {Provided by the SAO/NASA Astrophysics Data System}
}

@ARTICLE{bernstein02,
   author = {{Bernstein}, G.~M. and {Jarvis}, M.},
    title = "{Shapes and Shears, Stars and Smears: Optimal Measurements for Weak Lensing}",
  journal = {\aj},
   eprint = {astro-ph/0107431},
 keywords = {Cosmology: Gravitational Lensing, Methods: Data Analysis, Techniques: Image Processing},
     year = 2002,
    month = feb,
   volume = 123,
    pages = {583-618},
      doi = {10.1086/338085},
   adsurl = {http://adsabs.harvard.edu/abs/2002AJ....123..583B},
  adsnote = {Provided by the SAO/NASA Astrophysics Data System}
}

@ARTICLE{bernstein15,
   author = {{Bernstein}, G.~M. and {Armstrong}, R. and {Krawiec}, C. and 
	{March}, M.~C.},
    title = "{An accurate and practical method for inference of weak gravitational lensing from galaxy images}",
  journal = {ArXiv e-prints},
archivePrefix = "arXiv",
   eprint = {1508.05655},
 primaryClass = "astro-ph.IM",
 keywords = {Astrophysics - Instrumentation and Methods for Astrophysics, Astrophysics - Cosmology and Nongalactic Astrophysics},
     year = 2015,
    month = aug,
   adsurl = {http://adsabs.harvard.edu/abs/2015arXiv150805655B},
  adsnote = {Provided by the SAO/NASA Astrophysics Data System}
}

@ARTICLE{sheldon14,
   author = {{Sheldon}, E.~S.},
    title = "{An implementation of Bayesian lensing shear measurement}",
  journal = {\mnras},
archivePrefix = "arXiv",
   eprint = {1403.7669},
 keywords = {gravitational lensing: weak, cosmology: observations, dark energy},
     year = 2014,
    month = oct,
   volume = 444,
    pages = {L25-L29},
      doi = {10.1093/mnrasl/slu104},
   adsurl = {http://adsabs.harvard.edu/abs/2014MNRAS.444L..25S},
  adsnote = {Provided by the SAO/NASA Astrophysics Data System}
}


@ARTICLE{bernstein14,
   author = {{Bernstein}, G.~M. and {Armstrong}, R.},
    title = "{Bayesian lensing shear measurement}",
  journal = {\mnras},
archivePrefix = "arXiv",
   eprint = {1304.1843},
 keywords = {gravitational lensing: weak, methods: data analysis},
     year = 2014,
    month = feb,
   volume = 438,
    pages = {1880-1893},
      doi = {10.1093/mnras/stt2326},
   adsurl = {http://adsabs.harvard.edu/abs/2014MNRAS.438.1880B},
  adsnote = {Provided by the SAO/NASA Astrophysics Data System}
}




@ARTICLE{albrecht06,
   author = {{Albrecht}, A. and {Bernstein}, G. and {Cahn}, R. and {Freedman}, W.~L. and 
	{Hewitt}, J. and {Hu}, W. and {Huth}, J. and {Kamionkowski}, M. and 
	{Kolb}, E.~W. and {Knox}, L. and {Mather}, J.~C. and {Staggs}, S. and 
	{Suntzeff}, N.~B.},
    title = "{Report of the Dark Energy Task Force}",
  journal = {ArXiv Astrophysics e-prints},
   eprint = {astro-ph/0609591},
 keywords = {Astrophysics},
     year = 2006,
    month = sep,
   adsurl = {http://adsabs.harvard.edu/abs/2006astro.ph..9591A},
  adsnote = {Provided by the SAO/NASA Astrophysics Data System}
}



@ARTICLE{diehl12,
   author = {{Diehl}, T. and {Dark Energy Survey Collaboration}},
    title = "{The Dark Energy Survey Camera (DECam)}",
  journal = {Physics Procedia},
 keywords = {Dark Energy, Dark Energy Camera, Blanco Telescope, Cerro Tolo Inter-American Observatory},
     year = 2012,
   volume = 37,
    pages = {1332-1340},
      doi = {10.1016/j.phpro.2012.02.472},
   adsurl = {http://adsabs.harvard.edu/abs/2012PhPro..37.1332D},
  adsnote = {Provided by the SAO/NASA Astrophysics Data System}
}



@ARTICLE{cropper13,
   author = {{Cropper}, M. and {Hoekstra}, H. and {Kitching}, T. and {Massey}, R. and 
	{Amiaux}, J. and {Miller}, L. and {Mellier}, Y. and {Rhodes}, J. and 
	{Rowe}, B. and {Pires}, S. and {Saxton}, C. and {Scaramella}, R.
	},
    title = "{Defining a weak lensing experiment in space}",
  journal = {\mnras},
archivePrefix = "arXiv",
   eprint = {1210.7691},
 primaryClass = "astro-ph.IM",
 keywords = {gravitational lensing: weak, methods: statistical, space vehicles: instruments, cosmological parameters, cosmology: observations},
     year = 2013,
    month = jun,
   volume = 431,
    pages = {3103-3126},
      doi = {10.1093/mnras/stt384},
   adsurl = {http://adsabs.harvard.edu/abs/2013MNRAS.431.3103C},
  adsnote = {Provided by the SAO/NASA Astrophysics Data System}
}


@ARTICLE{paulin08,
   author = {{Paulin-Henriksson}, S. and {Amara}, A. and {Voigt}, L. and 
	{Refregier}, A. and {Bridle}, S.~L.},
    title = "{Point spread function calibration requirements for dark energy from cosmic shear}",
  journal = {\aap},
archivePrefix = "arXiv",
   eprint = {0711.4886},
 keywords = {gravitational lensing, cosmology: dark matter, cosmology: cosmological parameters},
     year = 2008,
    month = jun,
   volume = 484,
    pages = {67-77},
      doi = {10.1051/0004-6361:20079150},
   adsurl = {http://adsabs.harvard.edu/abs/2008A%26A...484...67P},
  adsnote = {Provided by the SAO/NASA Astrophysics Data System}
}

@ARTICLE{paulin09,
   author = {{Paulin-Henriksson}, S. and {Refregier}, A. and {Amara}, A.},
    title = "{Optimal point spread function modeling for weak lensing: complexity and sparsity}",
  journal = {\aap},
archivePrefix = "arXiv",
   eprint = {0901.3557},
 primaryClass = "astro-ph.IM",
 keywords = {gravitational lensing, cosmology: dark matter, cosmology: cosmological parameters, cosmology: observations},
     year = 2009,
    month = jun,
   volume = 500,
    pages = {647-655},
      doi = {10.1051/0004-6361/200811061},
   adsurl = {http://adsabs.harvard.edu/abs/2009A%26A...500..647P},
  adsnote = {Provided by the SAO/NASA Astrophysics Data System}
}


@ARTICLE{huterer06,
   author = {{Huterer}, D. and {Takada}, M. and {Bernstein}, G. and {Jain}, B.
	},
    title = "{Systematic errors in future weak-lensing surveys: requirements and prospects for self-calibration}",
  journal = {\mnras},
   eprint = {astro-ph/0506030},
 keywords = {cosmological parameters, large-scale structure of Universe},
     year = 2006,
    month = feb,
   volume = 366,
    pages = {101-114},
      doi = {10.1111/j.1365-2966.2005.09782.x},
   adsurl = {http://adsabs.harvard.edu/abs/2006MNRAS.366..101H},
  adsnote = {Provided by the SAO/NASA Astrophysics Data System}
}




@ARTICLE{hirata03,
   author = {{Hirata}, C. and {Seljak}, U.},
    title = "{Shear calibration biases in weak-lensing surveys}",
  journal = {\mnras},
   eprint = {astro-ph/0301054},
 keywords = {gravitational lensing, methods: data analysis},
     year = 2003,
    month = aug,
   volume = 343,
    pages = {459-480},
      doi = {10.1046/j.1365-8711.2003.06683.x},
   adsurl = {http://adsabs.harvard.edu/abs/2003MNRAS.343..459H},
  adsnote = {Provided by the SAO/NASA Astrophysics Data System}
}


@ARTICLE{amara08,
   author = {{Amara}, A. and {R{\'e}fr{\'e}gier}, A.},
    title = "{Systematic bias in cosmic shear: extending the Fisher matrix}",
  journal = {\mnras},
archivePrefix = "arXiv",
   eprint = {0710.5171},
 keywords = {gravitational lensing , methods: statistical , cosmological parameters},
     year = 2008,
    month = nov,
   volume = 391,
    pages = {228-236},
      doi = {10.1111/j.1365-2966.2008.13880.x},
   adsurl = {http://adsabs.harvard.edu/abs/2008MNRAS.391..228A},
  adsnote = {Provided by the SAO/NASA Astrophysics Data System}
}


@ARTICLE{massey13,
   author = {{Massey}, R. and {Hoekstra}, H. and {Kitching}, T. and {Rhodes}, J. and 
	{Cropper}, M. and {Amiaux}, J. and {Harvey}, D. and {Mellier}, Y. and 
	{Meneghetti}, M. and {Miller}, L. and {Paulin-Henriksson}, S. and 
	{Pires}, S. and {Scaramella}, R. and {Schrabback}, T.},
    title = "{Origins of weak lensing systematics, and requirements on future instrumentation (or knowledge of instrumentation)}",
  journal = {\mnras},
archivePrefix = "arXiv",
   eprint = {1210.7690},
 keywords = {gravitational lensing: weak, instrumentation: detectors, methods: data analysis, space vehicles: instruments, telescopes, cosmological parameters},
     year = 2013,
    month = feb,
   volume = 429,
    pages = {661-678},
      doi = {10.1093/mnras/sts371},
   adsurl = {http://adsabs.harvard.edu/abs/2013MNRAS.429..661M},
  adsnote = {Provided by the SAO/NASA Astrophysics Data System}
}


@ARTICLE{noll67,
   author = {{Noll}, R.~J.},
    title = "{Zernike polynomials and atmospheric turbulence}",
  journal = {Journal of the Optical Society of America (1917-1983)},
 keywords = {Atmospheric Optics, Atmospheric Turbulence, Polynomials, Turbulence Effects, Wave Front Deformation, Aberration, Kolmogoroff Theory, Matrices (Mathematics), Optical Correction Procedure, Statistical Analysis},
     year = 1976,
    month = mar,
   volume = 66,
    pages = {207-211},
   adsurl = {http://adsabs.harvard.edu/abs/1976JOSA...66..207N},
  adsnote = {Provided by the SAO/NASA Astrophysics Data System}
}



@article{pasquale14,
       author={Pasquale et al., David Content, Jeffrey Kruk, David Vaughnn, Qian Gong, Joseph Howard, Alden Jurling, Len Seals, Eric Mentzell, Nerses Armani, Gary Kuan},
       title={Optical Design of the WFIRST-AFTA Wide-Field Instrument},
       journal={Proc. SPIE 9293, International Optical Design Conference 2014},
       year = 2014,
     }


@ARTICLE{ivezic08,
   author = {{Ivezic}, Z. and {Tyson}, J.~A. and {Abel}, B. and {Acosta}, E. and 
	{Allsman}, R. and {AlSayyad}, Y. and {Anderson}, S.~F. and {Andrew}, J. and 
	{Angel}, R. and {Angeli}, G. and {Ansari}, R. and {Antilogus}, P. and 
	{Arndt}, K.~T. and {Astier}, P. and {Aubourg}, E. and {Axelrod}, T. and 
	{Bard}, D.~J. and {Barr}, J.~D. and {Barrau}, A. and {Bartlett}, J.~G. and 
	{Bauman}, B.~J. and {Beaumont}, S. and {Becker}, A.~C. and {Becla}, J. and 
	{Beldica}, C. and {Bellavia}, S. and {Blanc}, G. and {Blandford}, R.~D. and 
	{Bloom}, J.~S. and {Bogart}, J. and {Borne}, K. and {Bosch}, J.~F. and 
	{Boutigny}, D. and {Brandt}, W.~N. and {Brown}, M.~E. and {Bullock}, J.~S. and 
	{Burchat}, P. and {Burke}, D.~L. and {Cagnoli}, G. and {Calabrese}, D. and 
	{Chandrasekharan}, S. and {Chesley}, S. and {Cheu}, E.~C. and 
	{Chiang}, J. and {Claver}, C.~F. and {Connolly}, A.~J. and {Cook}, K.~H. and 
	{Cooray}, A. and {Covey}, K.~R. and {Cribbs}, C. and {Cui}, W. and 
	{Cutri}, R. and {Daubard}, G. and {Daues}, G. and {Delgado}, F. and 
	{Digel}, S. and {Doherty}, P. and {Dubois}, R. and {Dubois-Felsmann}, G.~P. and 
	{Durech}, J. and {Eracleous}, M. and {Ferguson}, H. and {Frank}, J. and 
	{Freemon}, M. and {Gangler}, E. and {Gawiser}, E. and {Geary}, J.~C. and 
	{Gee}, P. and {Geha}, M. and {Gibson}, R.~R. and {Gilmore}, D.~K. and 
	{Glanzman}, T. and {Goodenow}, I. and {Gressler}, W.~J. and 
	{Gris}, P. and {Guyonnet}, A. and {Hascall}, P.~A. and {Haupt}, J. and 
	{Hernandez}, F. and {Hogan}, C. and {Huang}, D. and {Huffer}, M.~E. and 
	{Innes}, W.~R. and {Jacoby}, S.~H. and {Jain}, B. and {Jee}, J. and 
	{Jernigan}, J.~G. and {Jevremovic}, D. and {Johns}, K. and {Jones}, R.~L. and 
	{Juramy-Gilles}, C. and {Juric}, M. and {Kahn}, S.~M. and {Kalirai}, J.~S. and 
	{Kallivayalil}, N. and {Kalmbach}, B. and {Kantor}, J.~P. and 
	{Kasliwal}, M.~M. and {Kessler}, R. and {Kirkby}, D. and {Knox}, L. and 
	{Kotov}, I. and {Krabbendam}, V.~L. and {Krughoff}, S. and {Kubanek}, P. and 
	{Kuczewski}, J. and {Kulkarni}, S. and {Lambert}, R. and {Le Guillou}, L. and 
	{Levine}, D. and {Liang}, M. and {Lim}, K. and {Lintott}, C. and 
	{Lupton}, R.~H. and {Mahabal}, A. and {Marshall}, P. and {Marshall}, S. and 
	{May}, M. and {McKercher}, R. and {Migliore}, M. and {Miller}, M. and 
	{Mills}, D.~J. and {Monet}, D.~G. and {Moniez}, M. and {Neill}, D.~R. and 
	{Nief}, J. and {Nomerotski}, A. and {Nordby}, M. and {O'Connor}, P. and 
	{Oliver}, J. and {Olivier}, S.~S. and {Olsen}, K. and {Ortiz}, S. and 
	{Owen}, R.~E. and {Pain}, R. and {Peterson}, J.~R. and {Petry}, C.~E. and 
	{Pierfederici}, F. and {Pietrowicz}, S. and {Pike}, R. and {Pinto}, P.~A. and 
	{Plante}, R. and {Plate}, S. and {Price}, P.~A. and {Prouza}, M. and 
	{Radeka}, V. and {Rajagopal}, J. and {Rasmussen}, A. and {Regnault}, N. and 
	{Ridgway}, S.~T. and {Ritz}, S. and {Rosing}, W. and {Roucelle}, C. and 
	{Rumore}, M.~R. and {Russo}, S. and {Saha}, A. and {Sassolas}, B. and 
	{Schalk}, T.~L. and {Schindler}, R.~H. and {Schneider}, D.~P. and 
	{Schumacher}, G. and {Sebag}, J. and {Sembroski}, G.~H. and 
	{Seppala}, L.~G. and {Shipsey}, I. and {Silvestri}, N. and {Smith}, J.~A. and 
	{Smith}, R.~C. and {Strauss}, M.~A. and {Stubbs}, C.~W. and 
	{Sweeney}, D. and {Szalay}, A. and {Takacs}, P. and {Thaler}, J.~J. and 
	{Van Berg}, R. and {Vanden Berk}, D. and {Vetter}, K. and {Virieux}, F. and 
	{Xin}, B. and {Walkowicz}, L. and {Walter}, C.~W. and {Wang}, D.~L. and 
	{Warner}, M. and {Willman}, B. and {Wittman}, D. and {Wolff}, S.~C. and 
	{Wood-Vasey}, W.~M. and {Yoachim}, P. and {Zhan}, H. and {for the LSST Collaboration}
	},
    title = "{LSST: from Science Drivers to Reference Design and Anticipated Data Products}",
  journal = {ArXiv e-prints},
archivePrefix = "arXiv",
   eprint = {0805.2366},
 keywords = {Astrophysics},
     year = 2008,
    month = may,
   adsurl = {http://adsabs.harvard.edu/abs/2008arXiv0805.2366I},
  adsnote = {Provided by the SAO/NASA Astrophysics Data System}
}

@ARTICLE{spergel13,
   author = {{Spergel}, D. and {Gehrels}, N. and {Breckinridge}, J. and {Donahue}, M. and 
	{Dressler}, A. and {Gaudi}, B.~S. and {Greene}, T. and {Guyon}, O. and 
	{Hirata}, C. and {Kalirai}, J. and {Kasdin}, N.~J. and {Moos}, W. and 
	{Perlmutter}, S. and {Postman}, M. and {Rauscher}, B. and {Rhodes}, J. and 
	{Wang}, Y. and {Weinberg}, D. and {Centrella}, J. and {Traub}, W. and 
	{Baltay}, C. and {Colbert}, J. and {Bennett}, D. and {Kiessling}, A. and 
	{Macintosh}, B. and {Merten}, J. and {Mortonson}, M. and {Penny}, M. and 
	{Rozo}, E. and {Savransky}, D. and {Stapelfeldt}, K. and {Zu}, Y. and 
	{Baker}, C. and {Cheng}, E. and {Content}, D. and {Dooley}, J. and 
	{Foote}, M. and {Goullioud}, R. and {Grady}, K. and {Jackson}, C. and 
	{Kruk}, J. and {Levine}, M. and {Melton}, M. and {Peddie}, C. and 
	{Ruffa}, J. and {Shaklan}, S.},
    title = "{Wide-Field InfraRed Survey Telescope-Astrophysics Focused Telescope Assets WFIRST-AFTA Final Report}",
  journal = {ArXiv e-prints},
archivePrefix = "arXiv",
   eprint = {1305.5422},
 primaryClass = "astro-ph.IM",
 keywords = {Astrophysics - Instrumentation and Methods for Astrophysics},
     year = 2013,
    month = may,
   adsurl = {http://adsabs.harvard.edu/abs/2013arXiv1305.5422S},
  adsnote = {Provided by the SAO/NASA Astrophysics Data System}
}

@ARTICLE{spergel15,
   author = {{Spergel}, D. and {Gehrels}, N. and {Baltay}, C. and {Bennett}, D. and 
	{Breckinridge}, J. and {Donahue}, M. and {Dressler}, A. and 
	{Gaudi}, B.~S. and {Greene}, T. and {Guyon}, O. and {Hirata}, C. and 
	{Kalirai}, J. and {Kasdin}, N.~J. and {Macintosh}, B. and {Moos}, W. and 
	{Perlmutter}, S. and {Postman}, M. and {Rauscher}, B. and {Rhodes}, J. and 
	{Wang}, Y. and {Weinberg}, D. and {Benford}, D. and {Hudson}, M. and 
	{Jeong}, W.-S. and {Mellier}, Y. and {Traub}, W. and {Yamada}, T. and 
	{Capak}, P. and {Colbert}, J. and {Masters}, D. and {Penny}, M. and 
	{Savransky}, D. and {Stern}, D. and {Zimmerman}, N. and {Barry}, R. and 
	{Bartusek}, L. and {Carpenter}, K. and {Cheng}, E. and {Content}, D. and 
	{Dekens}, F. and {Demers}, R. and {Grady}, K. and {Jackson}, C. and 
	{Kuan}, G. and {Kruk}, J. and {Melton}, M. and {Nemati}, B. and 
	{Parvin}, B. and {Poberezhskiy}, I. and {Peddie}, C. and {Ruffa}, J. and 
	{Wallace}, J.~K. and {Whipple}, A. and {Wollack}, E. and {Zhao}, F.
	},
    title = "{Wide-Field InfrarRed Survey Telescope-Astrophysics Focused Telescope Assets WFIRST-AFTA 2015 Report}",
  journal = {ArXiv e-prints},
archivePrefix = "arXiv",
   eprint = {1503.03757},
 primaryClass = "astro-ph.IM",
 keywords = {Astrophysics - Instrumentation and Methods for Astrophysics},
     year = 2015,
    month = mar,
   adsurl = {http://adsabs.harvard.edu/abs/2015arXiv150303757S},
  adsnote = {Provided by the SAO/NASA Astrophysics Data System}
}


@TECHREPORT{mccullough08,
   author = {{McCullough}, P.},
    title = "{Inter-pixel capacitance: prospects for deconvolution}",
 keywords = {Hubble Space Telescope, HST, Space Telescope Science Institute, WFC3, Wide Field Camera 3, Fourier deconvolution},
booktitle = {Space Telescope WFC Instrument Science Report},
     year = 2008,
    month = aug,
    pages = {26},
   adsurl = {http://adsabs.harvard.edu/abs/2008wfc..rept...26M},
  adsnote = {Provided by the SAO/NASA Astrophysics Data System}
}


@ARTICLE{rowe15,
   author = {{Rowe}, B.~T.~P. and {Jarvis}, M. and {Mandelbaum}, R. and {Bernstein}, G.~M. and 
	{Bosch}, J. and {Simet}, M. and {Meyers}, J.~E. and {Kacprzak}, T. and 
	{Nakajima}, R. and {Zuntz}, J. and {Miyatake}, H. and {Dietrich}, J.~P. and 
	{Armstrong}, R. and {Melchior}, P. and {Gill}, M.~S.~S.},
    title = "{GALSIM: The modular galaxy image simulation toolkit}",
  journal = {Astronomy and Computing},
archivePrefix = "arXiv",
   eprint = {1407.7676},
 primaryClass = "astro-ph.IM",
 keywords = {Methods: data analysis, Techniques: image processing, Gravitational lensing, Cosmology: observations},
     year = 2015,
    month = apr,
   volume = 10,
    pages = {121-150},
      doi = {10.1016/j.ascom.2015.02.002},
   adsurl = {http://adsabs.harvard.edu/abs/2015A%26C....10..121R},
  adsnote = {Provided by the SAO/NASA Astrophysics Data System}
}





@ARTICLE{green12,
   author = {{Green}, J. and {Schechter}, P. and {Baltay}, C. and {Bean}, R. and 
	{Bennett}, D. and {Brown}, R. and {Conselice}, C. and {Donahue}, M. and 
	{Fan}, X. and {Gaudi}, B.~S. and {Hirata}, C. and {Kalirai}, J. and 
	{Lauer}, T. and {Nichol}, B. and {Padmanabhan}, N. and {Perlmutter}, S. and 
	{Rauscher}, B. and {Rhodes}, J. and {Roellig}, T. and {Stern}, D. and 
	{Sumi}, T. and {Tanner}, A. and {Wang}, Y. and {Weinberg}, D. and 
	{Wright}, E. and {Gehrels}, N. and {Sambruna}, R. and {Traub}, W. and 
	{Anderson}, J. and {Cook}, K. and {Garnavich}, P. and {Hillenbrand}, L. and 
	{Ivezic}, Z. and {Kerins}, E. and {Lunine}, J. and {McDonald}, P. and 
	{Penny}, M. and {Phillips}, M. and {Rieke}, G. and {Riess}, A. and 
	{van der Marel}, R. and {Barry}, R.~K. and {Cheng}, E. and {Content}, D. and 
	{Cutri}, R. and {Goullioud}, R. and {Grady}, K. and {Helou}, G. and 
	{Jackson}, C. and {Kruk}, J. and {Melton}, M. and {Peddie}, C. and 
	{Rioux}, N. and {Seiffert}, M.},
    title = "{Wide-Field InfraRed Survey Telescope (WFIRST) Final Report}",
  journal = {ArXiv e-prints},
archivePrefix = "arXiv",
   eprint = {1208.4012},
 primaryClass = "astro-ph.IM",
 keywords = {Astrophysics - Instrumentation and Methods for Astrophysics},
     year = 2012,
    month = aug,
   adsurl = {http://adsabs.harvard.edu/abs/2012arXiv1208.4012G},
  adsnote = {Provided by the SAO/NASA Astrophysics Data System}
}





@INPROCEEDINGS{smith08,
   author = {{Smith}, R.~M. and {Zavodny}, M. and {Rahmer}, G. and {Bonati}, M.
	},
    title = "{A theory for image persistence in HgCdTe photodiodes}",
booktitle = {Society of Photo-Optical Instrumentation Engineers (SPIE) Conference Series},
     year = 2008,
   series = {Society of Photo-Optical Instrumentation Engineers (SPIE) Conference Series},
   volume = 7021,
    month = jul,
      eid = {70210J},
    pages = {0},
      doi = {10.1117/12.789372},
   adsurl = {http://adsabs.harvard.edu/abs/2008SPIE.7021E..0JS},
  adsnote = {Provided by the SAO/NASA Astrophysics Data System}
}




@ARTICLE{biesiadzinski11,
   author = {{Biesiadzinski}, T. and {Lorenzon}, W. and {Newman}, R. and 
	{Schubnell}, M. and {Tarl{\'e}}, G. and {Weaverdyck}, C.},
    title = "{Measurement of Reciprocity Failure in Near-Infrared Detectors}",
  journal = {\pasp},
archivePrefix = "arXiv",
   eprint = {1012.2411},
 primaryClass = "astro-ph.IM",
 keywords = {Astronomical Instrumentation},
     year = 2011,
    month = feb,
   volume = 123,
    pages = {179-186},
      doi = {10.1086/658282},
   adsurl = {http://adsabs.harvard.edu/abs/2011PASP..123..179B},
  adsnote = {Provided by the SAO/NASA Astrophysics Data System}
}



@ARTICLE{kannawadi15,
   author = {{Kannawadi}, A. and {Shapiro}, C.~A. and {Mandelbaum}, R. and 
	{Hirata}, C.~M. and {Kruk}, J.~W. and {Rhodes}, J.~D.},
    title = "{The Impact of Interpixel Capacitance on WFIRST PSFs}",
  journal = {ArXiv e-prints},
archivePrefix = "arXiv",
   eprint = {1512.01570},
 primaryClass = "astro-ph.IM",
 keywords = {Astrophysics - Instrumentation and Methods for Astrophysics},
     year = 2015,
    month = dec,
   adsurl = {http://adsabs.harvard.edu/abs/2015arXiv151201570K},
  adsnote = {Provided by the SAO/NASA Astrophysics Data System}
}




@ARTICLE{kuijken15,
   author = {{Kuijken}, K. and {Heymans}, C. and {Hildebrandt}, H. and {Nakajima}, R. and 
	{Erben}, T. and {de Jong}, J.~T.~A. and {Viola}, M. and {Choi}, A. and 
	{Hoekstra}, H. and {Miller}, L. and {van Uitert}, E. and {Amon}, A. and 
	{Blake}, C. and {Brouwer}, M. and {Buddendiek}, A. and {Conti}, I.~F. and 
	{Eriksen}, M. and {Grado}, A. and {Harnois-D{\'e}raps}, J. and 
	{Helmich}, E. and {Herbonnet}, R. and {Irisarri}, N. and {Kitching}, T. and 
	{Klaes}, D. and {La Barbera}, F. and {Napolitano}, N. and {Radovich}, M. and 
	{Schneider}, P. and {Sif{\'o}n}, C. and {Sikkema}, G. and {Simon}, P. and 
	{Tudorica}, A. and {Valentijn}, E. and {Verdoes Kleijn}, G. and 
	{van Waerbeke}, L.},
    title = "{Gravitational lensing analysis of the Kilo-Degree Survey}",
  journal = {\mnras},
archivePrefix = "arXiv",
   eprint = {1507.00738},
 keywords = {gravitational lensing: weak, surveys, galaxies: photometry, cosmology: observations},
     year = 2015,
    month = dec,
   volume = 454,
    pages = {3500-3532},
      doi = {10.1093/mnras/stv2140},
   adsurl = {http://adsabs.harvard.edu/abs/2015MNRAS.454.3500K},
  adsnote = {Provided by the SAO/NASA Astrophysics Data System}
}

@ARTICLE{zuntz13,
   author = {{Zuntz}, J. and {Kacprzak}, T. and {Voigt}, L. and {Hirsch}, M. and 
	{Rowe}, B. and {Bridle}, S.},
    title = "{IM3SHAPE: a maximum likelihood galaxy shear measurement code for cosmic gravitational lensing}",
  journal = {\mnras},
archivePrefix = "arXiv",
   eprint = {1302.0183},
 keywords = {gravitational lensing: weak, methods: data analysis, methods: statistical, techniques: image processing, cosmology: observations, dark energy},
     year = 2013,
    month = sep,
   volume = 434,
    pages = {1604-1618},
      doi = {10.1093/mnras/stt1125},
   adsurl = {http://adsabs.harvard.edu/abs/2013MNRAS.434.1604Z},
  adsnote = {Provided by the SAO/NASA Astrophysics Data System}
}


@ARTICLE{melchior11,
   author = {{Melchior}, P. and {Viola}, M. and {Sch{\"a}fer}, B.~M. and 
	{Bartelmann}, M.},
    title = "{Weak gravitational lensing with DEIMOS}",
  journal = {\mnras},
archivePrefix = "arXiv",
   eprint = {1008.1076},
 primaryClass = "astro-ph.IM",
 keywords = {gravitational lensing: weak, techniques: image processing},
     year = 2011,
    month = apr,
   volume = 412,
    pages = {1552-1558},
      doi = {10.1111/j.1365-2966.2010.17875.x},
   adsurl = {http://adsabs.harvard.edu/abs/2011MNRAS.412.1552M},
  adsnote = {Provided by the SAO/NASA Astrophysics Data System}
}



@ARTICLE{laureijs11,
   author = {{Laureijs}, R. and {Amiaux}, J. and {Arduini}, S. and {Augu{\`e}res}, J.~-. and 
	{Brinchmann}, J. and {Cole}, R. and {Cropper}, M. and {Dabin}, C. and 
	{Duvet}, L. and {Ealet}, A. and et al.},
    title = "{Euclid Definition Study Report}",
  journal = {ArXiv e-prints},
archivePrefix = "arXiv",
   eprint = {1110.3193},
 primaryClass = "astro-ph.CO",
 keywords = {Astrophysics - Cosmology and Extragalactic Astrophysics, Astrophysics - Galaxy Astrophysics},
     year = 2011,
    month = oct,
   adsurl = {http://adsabs.harvard.edu/abs/2011arXiv1110.3193L},
  adsnote = {Provided by the SAO/NASA Astrophysics Data System}
}



@ARTICLE{kilbinger15,
   author = {{Kilbinger}, M.},
    title = "{Cosmology with cosmic shear observations: a review}",
  journal = {Reports on Progress in Physics},
archivePrefix = "arXiv",
   eprint = {1411.0115},
     year = 2015,
    month = jul,
   volume = 78,
   number = 8,
      eid = {086901},
    pages = {086901},
      doi = {10.1088/0034-4885/78/8/086901},
   adsurl = {http://adsabs.harvard.edu/abs/2015RPPh...78h6901K},
  adsnote = {Provided by the SAO/NASA Astrophysics Data System}
}


@ARTICLE{jarvis15,
   author = {{Jarvis}, M. and {Sheldon}, E. and {Zuntz}, J. and {Kacprzak}, T. and 
	{Bridle}, S.~L. and {Amara}, A. and {Armstrong}, R. and {Becker}, M.~R. and 
	{Bernstein}, G.~M. and {Bonnett}, C. and {Chang}, C. and {Das}, R. and 
	{Dietrich}, J.~P. and {Drlica-Wagner}, A. and {Eifler}, T.~F. and 
	{Gangkofner}, C. and {Gruen}, D. and {Hirsch}, M. and {Huff}, E.~M. and 
	{Jain}, B. and {Kent}, S. and {Kirk}, D. and {MacCrann}, N. and 
	{Melchior}, P. and {Plazas}, A.~A. and {Refregier}, A. and {Rowe}, B. and 
	{Rykoff}, E.~S. and {Samuroff}, S. and {S{\'a}nchez}, C. and 
	{Suchyta}, E. and {Troxel}, M.~A. and {Vikram}, V. and {Abbott}, T. and 
	{Abdalla}, F.~B. and {Allam}, S. and {Annis}, J. and {Benoit-L{\'e}vy}, A. and 
	{Bertin}, E. and {Brooks}, D. and {Buckley-Geer}, E. and {Burke}, D.~L. and 
	{Capozzi}, D. and {Carnero Rosell}, A. and {Carrasco Kind}, M. and 
	{Carretero}, J. and {Castander}, F.~J. and {Crocce}, M. and 
	{Cunha}, C.~E. and {D'Andrea}, C.~B. and {da Costa}, L.~N. and 
	{DePoy}, D.~L. and {Desai}, S. and {Diehl}, H.~T. and {Doel}, P. and 
	{Fausti Neto}, A. and {Flaugher}, B. and {Fosalba}, P. and {Frieman}, J. and 
	{Gaztanaga}, E. and {Gerdes}, D.~W. and {Gruendl}, R.~A. and 
	{Gutierrez}, G. and {Honscheid}, K. and {James}, D.~J. and {Kuehn}, K. and 
	{Kuropatkin}, N. and {Lahav}, O. and {Li}, T.~S. and {Lima}, M. and 
	{March}, M. and {Martini}, P. and {Miquel}, R. and {Mohr}, J.~J. and 
	{Neilsen}, E. and {Nord}, B. and {Ogando}, R. and {Reil}, K. and 
	{Romer}, A.~K. and {Roodman}, A. and {Sako}, M. and {Sanchez}, E. and 
	{Scarpine}, V. and {Schubnell}, M. and {Sevilla-Noarbe}, I. and 
	{Smith}, R.~C. and {Soares-Santos}, M. and {Sobreira}, F. and 
	{Swanson}, M.~E.~C. and {Tarle}, G. and {Thaler}, J. and {Thomas}, D. and 
	{Walker}, A.~R. and {Wechsler}, R.~H.},
    title = "{The DES Science Verification Weak Lensing Shear Catalogs}",
  journal = {ArXiv e-prints},
archivePrefix = "arXiv",
   eprint = {1507.05603},
 primaryClass = "astro-ph.IM",
 keywords = {Astrophysics - Instrumentation and Methods for Astrophysics, Astrophysics - Cosmology and Nongalactic Astrophysics},
     year = 2015,
    month = jul,
   adsurl = {http://adsabs.harvard.edu/abs/2015arXiv150705603J},
  adsnote = {Provided by the SAO/NASA Astrophysics Data System}
}



@article{refregier03,
       author={R\'efr\'egier, A.},
       title={Weak Gravitational Lensing by Large-Scale Structure},
       journal={Annual Review of Astronomy and Astrophysics},
       volume={41},
       year = 2003,
       pages = {645-668}
     }

@article{hoekstra08,
       author={Hoekstra, H. and Jain, B.},
       title={Weak Gravitational Lensing and Its Cosmological Applications},
       journal={Annual Review of Nuclear and Particle Systems},
       volume={58},
       year = 2008,
       pages = {99-123}
     }

@article{mellier99,
       author={Mellier, Y.},
       title={Probing the Universe with Weak Lensing},
       journal={Annual Review of Astronomy and Astrophysics},
       volume={37},
       year = 1999,
       pages = {127-189}
     }

@article{kaiser95,
       author={Kaiser, N. and Squires, G. and Broadhurst, T.},
       title={A Method for Weak Lensing Observations},
       journal={Astrophysical Journal },
       volume={449},
       year = 1995,
       pages = {449-460}
     }

@article{TysonJee,
       author={Jee, J. and Tyson, A.},
       title={Toward Precision LSST Weak-Lensing Measurement I: Impacts of Atmospheric Turbulence and Optical Aberration},
       journal={Publications of the Astronomical Society of the Pacific},
       volume={123},
       year = 2011,
       pages = {569-614}
     }

@article{STEP,
       author="{Heymans et al.}",
       title={The Shear Testing Programme - I. Weak lensing analysis of simulated ground-based observations},
       journal={Monthly Notices of the Royal Astronomical Society},
       volume={368},
       year = 2006,
       pages = {1323-1339}
     }

@article{GuzikBernstein2005,
       author={Guzik, J. and Bernstein, G.},
       title={Inhomogeneous systematic signals in cosmic shear observations},
       journal={Physical Review D},
       volume={72},
       year = 2005,
     }

@article{Jouvel,
       author="{Jouvel et al.}",
       title={Designing future dark energy space missions. I. Building realistic galaxy spectro-photometric catalogs and their first applications},
       journal={Astronomy and Astrophysics},
       volume={504},
       year = 2009,
       pages = {359-371}
     }

@book{cox,
       author = "{Cox et al.}",
       year = {2001},
       title = {Astrophysical Quantities: Allen},
       publisher = {Springer},
       address = {New York}
     }

@book{birney,
       author = {Birney, S. and Gonzalez, G. and Oesper, D. },
       year = {2001},
       title = {Astrophysical Quantities: Allen},
       publisher = {Springer},
       address = {New York}
     }

@article{cww,
       author="{Coleman et al.}",
       title={Colors and magnitudes predicted for high redshift galaxies},
       journal={Astrophysical Journal Supplement Series},
       volume={43},
       year = 1980,
       pages = {393-416}
     }

@article{kin,
       author="{Kinney et al.}",
       title={Template Ultraviolet to Near-Infrared Spectra of Star-forming Galaxies and Their Application to K-Corrections},
       journal={Astrophysical Journal},
       volume={467},
       year = 1996,
       pages = {38}
     }

@article{bruzual,
       author={Bruzual, A. G. and Charlot, S.},
       title={ Spectral evolution of stellar populations using isochrone synthesis},
       journal={Astrophysical JournalJ},
       volume={405},
       year = 1993,
       pages = {538-553}
     }

@article{pickles,
       author={Pickles, A. J.},
       title={A Stellar Spectral Flux Library: 1150-25000 A},
       journal={Publications of the Astronomical Society of the Pacific},
       volume={110},
       year = 1998,
       pages = {863}
     }


@article{stefanik,
       author={Stefanik, A.},
       title={Requirements and specifications: Environmental Design Conditions},
       journal={Dark Energy Survey Document Data Base},
       volume={Document 763},
       year = 2007
     }

@article{Cypriano,
       author="{Cypriano et al.}",
       title={Cosmic shear requirements on the wavelength dependence of telescope point spread functions},
       journal={Monthly Notices of the Royal Astronomical Society},
       volume={405},
       year = 2007,
       pages = {494-502}
     }

@article{neilsen,
        author={Neilsen, E.},
        title={ObsTac User's Manual},
        journal={Dark Energy Survey Document Data Base},
        volume={Document 6130},
        year = 2012
      }

